<?xml version="1.0" encoding="UTF-8"?><collection xmlns="http://www.loc.gov/MARC21/slim"><record><leader>00399nam--2200157-i-4500</leader><controlfield tag="001">000032691</controlfield><controlfield tag="002">20161230</controlfield><controlfield tag="005">20170103182810</controlfield><controlfield tag="008">060222s1000------------r-----000-0-eng-d</controlfield><datafield ind1=" " ind2=" " tag="080"><subfield code="a">621.3.011.73</subfield></datafield><datafield ind1=" " ind2=" " tag="245"><subfield code="a">Modern filter theory and design</subfield></datafield><datafield ind1=" " ind2=" " tag="260"><subfield code="a">New York</subfield><subfield code="b">John Wiley &amp; Sons, Inc</subfield><subfield code="c">1973</subfield></datafield><datafield ind1=" " ind2=" " tag="300"><subfield code="a">XV+ 566 p</subfield></datafield><datafield ind1=" " ind2=" " tag="700"><subfield code="a">Mitra, Sanjit K</subfield></datafield><datafield ind1=" " ind2=" " tag="852"><subfield code="a">45143</subfield></datafield><datafield ind1=" " ind2=" " tag="CAT"><subfield code="a">SYS</subfield><subfield code="c">20170103</subfield><subfield code="h">182810</subfield></datafield></record></collection>